<?xml version="1.0" encoding="UTF-8"?><record xmlns="http://www.loc.gov/MARC21/slim" xmlns:cinclude="http://apache.org/cocoon/include/1.0" xmlns:zs="http://www.loc.gov/zing/srw/">
  <leader>00414nz  a2200133n  4500</leader>
  <controlfield tag="001">nr2002019967</controlfield>
  <controlfield tag="003">DLC</controlfield>
  <controlfield tag="005">20020529033132.0</controlfield>
  <controlfield tag="008">020523n| acannaabn          |n aaa     c</controlfield>
  <datafield tag="010" ind1=" " ind2=" ">
    <subfield code="a">nr2002019967</subfield>
  </datafield>
  <datafield tag="040" ind1=" " ind2=" ">
    <subfield code="a">UPB</subfield>
    <subfield code="b">eng</subfield>
    <subfield code="c">UPB</subfield>
  </datafield>
  <datafield tag="100" ind1="1" ind2=" ">
    <subfield code="a">Olsen, Donald,</subfield>
    <subfield code="d">1974-</subfield>
  </datafield>
  <datafield tag="670" ind1=" " ind2=" ">
    <subfield code="a">Traditioins and haunts of rural Utah County youth, 2001</subfield>
    <subfield code="b">(name not given)</subfield>
  </datafield>
  <datafield tag="670" ind1=" " ind2=" ">
    <subfield code="a">Phone call to author, March 26, 2002</subfield>
    <subfield code="b">(Donald Olsen, b. 1974)</subfield>
  </datafield>
</record>